<record><leader>00000cas a2200000 a 4500</leader><controlfield tag="001">37495591</controlfield><controlfield tag="008">970819c19979999kyuwr ne      0   a0eng c</controlfield><datafield ind1=" " ind2=" " tag="010"><subfield code="a">sn 97006416 </subfield></datafield><datafield ind1=" " ind2=" " tag="040"><subfield code="a">NSD</subfield><subfield code="b">eng</subfield><subfield code="c">NSD</subfield><subfield code="d">OCLCQ</subfield><subfield code="d">KYUBL</subfield><subfield code="d">OCLCO</subfield></datafield><datafield ind1=" " ind2=" " tag="012"><subfield code="m">y</subfield></datafield><datafield ind1="1" ind2=" " tag="022"><subfield code="a">1095-2497</subfield><subfield code="l">1095-2497</subfield><subfield code="y">0896-3819</subfield><subfield code="2">1</subfield></datafield><datafield ind1="1" ind2=" " tag="029"><subfield code="a">AU@</subfield><subfield code="b">000013433974</subfield></datafield><datafield ind1=" " ind2=" " tag="032"><subfield code="a">920200</subfield><subfield code="b">USPS</subfield></datafield><datafield ind1=" " ind2=" " tag="037"><subfield code="b">Somerset-Pulaski News Journal, 675 Monticello St., Somerset, KY 42501</subfield></datafield><datafield ind1=" " ind2=" " tag="042"><subfield code="a">nsdp</subfield><subfield code="a">pcc</subfield></datafield><datafield ind1=" " ind2="0" tag="222"><subfield code="a">Somerset-Pulaski news journal</subfield></datafield><datafield ind1="0" ind2="0" tag="245"><subfield code="a">Somerset-Pulaski news journal.</subfield></datafield><datafield ind1=" " ind2=" " tag="260"><subfield code="a">Somerset, Ky. :</subfield><subfield code="b">Counties Group,</subfield><subfield code="c">1997-</subfield></datafield><datafield ind1=" " ind2=" " tag="300"><subfield code="a">v. :</subfield><subfield code="b">ill.</subfield></datafield><datafield ind1=" " ind2=" " tag="310"><subfield code="a">Weekly</subfield></datafield><datafield ind1="0" ind2=" " tag="362"><subfield code="a">Vol. 27, no. 26 (July 10, 1997)-</subfield></datafield><datafield ind1=" " ind2="4" tag="651"><subfield code="a">Pulaski County (Ky.)</subfield><subfield code="v">Newspapers.</subfield></datafield><datafield ind1=" " ind2="0" tag="651"><subfield code="a">Somerset (Ky.)</subfield><subfield code="x">Newspaper.</subfield></datafield><datafield ind1=" " ind2="0" tag="651"><subfield code="a">Pulaski County (Ky.)</subfield><subfield code="x">Newspapers.</subfield></datafield><datafield ind1=" " ind2=" " tag="752"><subfield code="a">United States</subfield><subfield code="b">Kentucky</subfield><subfield code="c">Pulaski</subfield><subfield code="d">Somerset.</subfield></datafield><datafield ind1="0" ind2="0" tag="780"><subfield code="t">Pulaski week</subfield><subfield code="x">0896-3819</subfield><subfield code="w">(DLC)sn   87060317</subfield></datafield></record>